@inproceedings{c-glue-maker,
author="Matthias Blume",
title="{No-Longer-Foreign; Teaching an {ML} compiler to speak C ``natively''}",
booktitle="BABEL",
year=2001
}

@misc{mGTK,
author="Ken Friis Larsen and Henning Niss",
title="{{mGTk}: bindings for the {Moscow ML} compiler}",
url="http://mgtk.sourceforge.net",
year=2001
}
